<?xml version="1.0" encoding="UTF-8"?><collection xmlns="http://www.loc.gov/MARC21/slim"><record><leader>00399nam--2200133-i-4500</leader><controlfield tag="001">000004487</controlfield><controlfield tag="002">20161230</controlfield><controlfield tag="005">20161230201025</controlfield><controlfield tag="008">060222s1000------------r-----000-0-eng-d</controlfield><datafield ind1=" " ind2=" " tag="100"><subfield code="a">Betoni, M., Bertolini, G., Lazzarini, E</subfield></datafield><datafield ind1=" " ind2=" " tag="245"><subfield code="a">On the decay  134cs</subfield></datafield><datafield ind1=" " ind2=" " tag="260"><subfield code="a">Milano, Inst.Di Fisica Sperim., Del Polit.1955 3 P. + 4 Fig</subfield></datafield><datafield ind1=" " ind2=" " tag="490"><subfield code="a">Estratto Da:  Il Nuovo Cimento  , 1-746-1955</subfield></datafield><datafield ind1=" " ind2=" " tag="852"><subfield code="a">5992</subfield></datafield></record></collection>